<record><leader>00000cas a22000007a 4500</leader><controlfield tag="001">11864448</controlfield><controlfield tag="008">850329d18501866njuwr ne      0    0eng d</controlfield><datafield ind1=" " ind2=" " tag="010"><subfield code="a">sn 85035538 </subfield></datafield><datafield ind1=" " ind2=" " tag="040"><subfield code="a">NPA</subfield><subfield code="b">eng</subfield><subfield code="c">NPA</subfield><subfield code="d">NJW</subfield><subfield code="d">NYS</subfield><subfield code="d">OCLCQ</subfield></datafield><datafield ind1=" " ind2=" " tag="042"><subfield code="a">msc</subfield></datafield><datafield ind1="0" ind2=" " tag="130"><subfield code="a">Belvidere intelligencer (Belvidere, N.J. : 1850)</subfield></datafield><datafield ind1="1" ind2="4" tag="245"><subfield code="a">The Belvidere intelligencer.</subfield></datafield><datafield ind1=" " ind2=" " tag="260"><subfield code="a">Belvidere, N.J. :</subfield><subfield code="b">Alexander C. Wilson,</subfield><subfield code="c">1850-</subfield></datafield><datafield ind1=" " ind2=" " tag="300"><subfield code="a">v. :</subfield><subfield code="b">ill. (chiefly advertisements)</subfield></datafield><datafield ind1=" " ind2=" " tag="310"><subfield code="a">Weekly</subfield></datafield><datafield ind1="0" ind2=" " tag="362"><subfield code="a">26th yr., no. 1325 (May 30, 1850)-28th yr., no. 2030 (Jan. 1, 1864); new ser., v. 1, no. 1 (Jan. 8, 1864)-</subfield></datafield><datafield ind1="1" ind2=" " tag="362"><subfield code="a">Ceased in Jan. 1866.</subfield></datafield><datafield ind1=" " ind2=" " tag="500"><subfield code="a">Publishers: A.C. Hulshizer, June 19, 1851-&lt;Aug. 4, 1855&gt;; Lewis Gordon, &lt;Aug. 18, 1855-May 27, 1859&gt;; F.P. Sellers, &lt;Aug. 1, 1861&gt;-Jan. 1, 1864; A. Jackson Shampanore, Jan. 8, 1864-&lt;Dec. 29, 1865&gt;.</subfield></datafield><datafield ind1=" " ind2=" " tag="530"><subfield code="a">Also issued on microfilm as part of the Civil War newspapers collection.</subfield></datafield><datafield ind1=" " ind2=" " tag="752"><subfield code="a">United States</subfield><subfield code="b">New Jersey</subfield><subfield code="c">Warren</subfield><subfield code="d">Belvidere.</subfield></datafield><datafield ind1="0" ind2="0" tag="780"><subfield code="t">Intelligencer (Belvidere, N.J. : 1849)</subfield><subfield code="w">(DLC)sn 85035536</subfield><subfield code="w">(OCoLC)11864429</subfield></datafield><datafield ind1="0" ind2="0" tag="785"><subfield code="t">Belvidere intelligencer and Warren County Republican</subfield><subfield code="w">(DLC)sn 85035539</subfield><subfield code="w">(OCoLC)11864456</subfield></datafield></record>